@book{abs2016census,
  author = {Australian Bureau of Statistics},
  title  = {Census of Population and Housing: Estimating homelessness, 2016},
  year   = {2016},
  place  = {Canberra}
}

@book{acnc2020,
  author = {Australian Charities and Not-for-profits Commission},
  title  = {Australian Charities Report 2018},
  year   = {2020},
  url    = {https://www.acnc.gov.au/tools/reports/australian-charities-report-2018}
}

@book{auspost2020,
  author = {Australia Post},
  title  = {Inside Australian Online Shopping: 2020 eCommerce Industry Report},
  year   = {2020},
  url    = {https://auspost.com.au/content/dam/auspost\_corp/media/documents/2020-ecommerce-industry-report.pdf}
}

@article{becker2010facilitating,
  title     = {Facilitating unlearning during implementation of new technology},
  author    = {Becker, Karen},
  journal   = {Journal of Organizational Change Management},
  year      = {2010},
  publisher = {Emerald Group Publishing Limited}
}

@article{belcher1990needs,
  title     = {The needs of depressed homeless persons: Designing appropriate services},
  author    = {Belcher, John R and DiBlasio, Frederick A},
  journal   = {Community mental health journal},
  volume    = {26},
  number    = {3},
  pages     = {255--266},
  year      = {1990},
  publisher = {Springer}
}

@article{benjamin1983information,
  title     = {Information technology: a strategic opportunity},
  author    = {Benjamin, Robert I},
  year      = {1983},
  publisher = {Cambridge, Mass.: Center for Information Systems Research, Sloan School of~…}
}

@article{bilgihan2015applying,
  title     = {Applying flow theory to booking experiences: An integrated model in an online service context},
  author    = {Bilgihan, Anil and Nusair, Khaldoon and Okumus, Fevzi and Cobanoglu, Cihan},
  journal   = {Information \& Management},
  volume    = {52},
  number    = {6},
  pages     = {668--678},
  year      = {2015},
  publisher = {Elsevier}
}

@book{blissfully2020,
  author = {Blissfully},
  title  = {2020 SaaS Trends},
  year   = {2020},
  url    = {https://www.blissfully.com/saas-trends/2020-annual-report/}
}

@article{boeder2002non,
  title   = {Non-Profits on e: How non-profit organisations are using the Internet for communication, fundraising, and community building},
  author  = {Boeder, Pieter},
  journal = {First Monday},
  year    = {2002}
}

@article{boles2013technology,
  title  = {Technology’s role in the nonprofit sector: increasing organizational effectiveness and efficiency through technology innovations},
  author = {Boles, Brianna},
  year   = {2013}
}

@inproceedings{bopp2017disempowered,
  title     = {Disempowered by data: Nonprofits, social enterprises, and the consequences of data-driven work},
  author    = {Bopp, Chris and Harmon, Ellie and Voida, Amy},
  booktitle = {Proceedings of the 2017 CHI Conference on Human Factors in Computing Systems},
  pages     = {3608--3619},
  year      = {2017}
}

@article{bovaird2007beyond,
  title     = {Beyond engagement and participation: User and community coproduction of public services},
  author    = {Bovaird, Tony},
  journal   = {Public administration review},
  volume    = {67},
  number    = {5},
  pages     = {846--860},
  year      = {2007},
  publisher = {Wiley Online Library}
}

@article{briscoe2014digital,
  title  = {Digital innovation: The hackathon phenomenon},
  author = {Briscoe, Gerard},
  year   = {2014}
}

@article{brophy2007web,
  title     = {Web accessibility},
  author    = {Brophy, Peter and Craven, Jenny},
  journal   = {Library trends},
  volume    = {55},
  number    = {4},
  pages     = {950--972},
  year      = {2007},
  publisher = {Johns Hopkins University Press}
}

@article{buccieri2015empowering,
  title     = {Empowering homeless youth: Building capacity through the development of mobile technology},
  author    = {Buccieri, Kristy and Molleson, Gina},
  journal   = {Journal of Community Practice},
  volume    = {23},
  number    = {2},
  pages     = {238--254},
  year      = {2015},
  publisher = {Taylor \& Francis}
}

@inproceedings{burrows2019evaluating,
  title        = {Evaluating ask izzy: A mobile web app for people experiencing homelessness},
  author       = {Burrows, Rachel and Mendoza, Antonette and Sterling, Leon and Miller, Tim and Pedell, Sonja},
  booktitle    = {Proceedings of 17th European Conference on Computer-Supported Cooperative Work},
  year         = {2019},
  organization = {European Society for Socially Embedded Technologies (EUSSET)}
}

@article{carvalho2015designing,
  title   = {Designing for the homeless in the Product and Industrial Master at FEUP},
  author  = {Carvalho, B{\'a}rbara and Carri{\c{c}}o, Daniela},
  journal = {Engineering4Society 2015-Raising Awareness for the Societal and Environmental Role of Engineering and (Re) Training Engineers for Participatory Design},
  year    = {2015}
}

@article{chamie_2017,
  title   = {As Cities Grow, So Do the Numbers of Homeless},
  url     = {https://yaleglobal.yale.edu/content/cities-grow-so-do-numbers-homeless},
  journal = {YaleGlobal Online},
  author  = {Chamie, Joseph},
  year    = {2017},
  month   = {Jul}
}

@article{cho2020contact,
  title   = {Contact tracing mobile apps for COVID-19: Privacy considerations and related trade-offs},
  author  = {Cho, Hyunghoon and Ippolito, Daphne and Yu, Yun William},
  journal = {arXiv preprint arXiv:2003.11511},
  year    = {2020}
}

@article{chui2019role,
  title     = {The role of technology in reconfiguring volunteer management in nonprofits in Hong Kong: Benefits and discontents},
  author    = {Chui, Cheryl Hiu-Kwan and Chan, Chee Hon},
  journal   = {Nonprofit Management and Leadership},
  volume    = {30},
  number    = {1},
  pages     = {89--111},
  year      = {2019},
  publisher = {Wiley Online Library}
}

@article{corder2001acquiring,
  title     = {Acquiring new technology: Comparing nonprofit and public sector agencies},
  author    = {Corder, Kevin},
  journal   = {Administration \& Society},
  volume    = {33},
  number    = {2},
  pages     = {194--219},
  year      = {2001},
  publisher = {Sage Publications Sage CA: Thousand Oaks, CA}
}

@article{couch2011new,
  title     = {A new way home: Refugee young people and homelessness in Australia},
  author    = {Couch, Jen},
  journal   = {Journal of Social Inclusion},
  volume    = {2},
  number    = {1},
  year      = {2011},
  publisher = {School of Human Services and Social Work, Griffith University}
}

@misc{d2018dying,
  title     = {Dying with their rights on: the myths and realities of ending homelessness in Australia},
  author    = {d’Abrera, Carlos},
  year      = {2018},
  publisher = {Sydney: The Centre for Independent Studies}
}

@inproceedings{davis2012early,
  title     = {Early experiences with participation in persuasive technology design},
  author    = {Davis, Janet},
  booktitle = {Proceedings of the 12th Participatory Design Conference: Research Papers-Volume 1},
  pages     = {119--128},
  year      = {2012}
}

@article{doberstein2016designing,
  title     = {Designing collaborative governance decision-making in search of a ‘collaborative advantage’},
  author    = {Doberstein, Carey},
  journal   = {Public Management Review},
  volume    = {18},
  number    = {6},
  pages     = {819--841},
  year      = {2016},
  publisher = {Taylor \& Francis}
}

@inproceedings{dolejvsova2015streetsauce,
  title     = {StreetSauce: Taste Interaction and Empathy with Homeless People},
  author    = {Dolej{\v{s}}ov{\'a}, Mark{\'e}ta and Li{\v{s}}kov{\'a}, Tereza},
  booktitle = {Proceedings of the 33rd Annual ACM Conference Extended Abstracts on Human Factors in Computing Systems},
  pages     = {1247--1252},
  year      = {2015}
}

@inproceedings{dombrowski2013takes,
  title     = {It takes a network to get dinner: designing location-based systems to address local food needs},
  author    = {Dombrowski, Lynn and Brubaker, Jed R and Hirano, Sen H and Mazmanian, Melissa and Hayes, Gillian R},
  booktitle = {Proceedings of the 2013 ACM international joint conference on Pervasive and ubiquitous computing},
  pages     = {519--528},
  year      = {2013}
}

@article{donley2008perception,
  title  = {The perception of homeless people: Important factors in determining perceptions of the homeless as dangerous},
  author = {Donley, Amy},
  year   = {2008}
}

@article{eyrich2010mobile,
  title     = {Mobile phone technology: a new paradigm for the prevention, treatment, and research of the non-sheltered “street” homeless?},
  author    = {Eyrich-Garg, Karin M},
  journal   = {Journal of Urban Health},
  volume    = {87},
  number    = {3},
  pages     = {365--380},
  year      = {2010},
  publisher = {Springer}
}

@article{eyrich2011sheltered,
  title     = {Sheltered in cyberspace? Computer use among the unsheltered ‘street’homeless},
  author    = {Eyrich-Garg, Karin M},
  journal   = {Computers in Human Behavior},
  volume    = {27},
  number    = {1},
  pages     = {296--303},
  year      = {2011},
  publisher = {Elsevier}
}

@article{fischer2005computational,
  title   = {Computational literacy and fluency: being independent of high-tech scribes},
  author  = {Fischer, Gerhard},
  journal = {structuring-modeling-communicating. Model of mathematical and IT activities, Franzbecker, Hildesheim},
  pages   = {217-230},
  year    = {2005}
}

@article{fleury2014network,
  title     = {Network collaboration of organisations for homeless individuals in the Montreal region},
  author    = {Fleury, Marie-Jos{\'e}e and Grenier, Guy and Lesage, Alain and Ma, Nan and Ngui, Andr{\'e} Ngamini},
  journal   = {International Journal of Integrated Care},
  volume    = {14},
  year      = {2014},
  publisher = {Ubiquity Press}
}

@article{fournier2009getting,
  title   = {Getting brand communities right},
  author  = {Fournier, Susan and Lee, Lara},
  journal = {Harvard business review},
  volume  = {87},
  number  = {4},
  pages   = {105--111},
  year    = {2009}
}

@inproceedings{garrido2010understanding,
  title     = {Understanding the links between ICT skills training and employability: an analytical framework},
  author    = {Garrido, Maria and Sullivan, Joe and Gordon, Andrew},
  booktitle = {Proceedings of the 4th ACM/IEEE International Conference on Information and Communication Technologies and Development},
  pages     = {1--10},
  year      = {2010}
}

@article{gefen2003managing,
  title     = {Managing user trust in B2C e-services},
  author    = {Gefen, David and Straub, Detmar},
  journal   = {e-Service},
  volume    = {2},
  number    = {2},
  pages     = {7--24},
  year      = {2003},
  publisher = {JSTOR}
}

@inproceedings{goecks2008charitable,
  title     = {Charitable technologies: Opportunities for collaborative computing in nonprofit fundraising},
  author    = {Goecks, Jeremy and Voida, Amy and Voida, Stephen and Mynatt, Elizabeth D},
  booktitle = {Proceedings of the 2008 ACM conference on Computer supported cooperative work},
  pages     = {689--698},
  year      = {2008}
}

@inproceedings{gough2013improving,
  title        = {Improving the design of online applications for social benefit through a behaviour change model},
  author       = {Gough, Kathryn and Hamilton, Jillian},
  booktitle    = {International Conference on Persuasive Technology},
  pages        = {69--74},
  year         = {2013},
  organization = {Springer}
}

@phdthesis{gough2016designing,
  title  = {Designing community-driven, social benefit applications using locative, mobile and social web technologies},
  author = {Gough, Kathryn M},
  year   = {2016},
  school = {Queensland University of Technology}
}

@article{gray2003wanted,
  title     = {Wanted: Chief ignorance officer},
  author    = {Gray, David},
  journal   = {Harvard Business Review},
  volume    = {81},
  number    = {11},
  pages     = {22--22},
  year      = {2003},
  publisher = {Harvard Business School Publication Corp.}
}

@article{hackler2007strategic,
  title     = {The strategic use of information technology by nonprofit organizations: Increasing capacity and untapped potential},
  author    = {Hackler, Darrene and Saxton, Gregory D},
  journal   = {Public administration review},
  volume    = {67},
  number    = {3},
  pages     = {474--487},
  year      = {2007},
  publisher = {Wiley Online Library}
}

@article{hagen1990designing,
  title     = {Designing Services for Homeless Women},
  author    = {Hagen, Jan L},
  journal   = {Journal of health \& social policy},
  volume    = {1},
  number    = {3},
  pages     = {1--16},
  year      = {1990},
  publisher = {Taylor \& Francis}
}

@article{haines2003levels,
  title   = {Levels of Web Service Adoption: From Technical Solution to Business Opportunity},
  author  = {Haines, Marc},
  journal = {AMCIS 2003 Proceedings},
  pages   = {249},
  year    = {2003}
}

@inproceedings{hendry2017homeless,
  title     = {Homeless young people, jobs, and a future vision: Community members' perceptions of the job co-op},
  author    = {Hendry, David G and Abokhodair, Norah and Kinsley, Rose Paquet and Woelfer, Jill Palzkill},
  booktitle = {Proceedings of the 8th International Conference on Communities and Technologies},
  pages     = {22--31},
  year      = {2017}
}

@inproceedings{henry2014accessibility,
  author    = {Henry, Shawn Lawton and Abou-Zahra, Shadi and Brewer, Judy},
  title     = {The Role of Accessibility in a Universal Web},
  year      = {2014},
  isbn      = {9781450326513},
  publisher = {Association for Computing Machinery},
  address   = {New York, NY, USA},
  url       = {https://doi.org/10.1145/2596695.2596719},
  doi       = {10.1145/2596695.2596719},
  booktitle = {Proceedings of the 11th Web for All Conference},
  articleno = {17},
  numpages  = {4},
  location  = {Seoul, Korea},
  series    = {W4A '14}
}

@article{hersberger2005homeless,
  title     = {The homeless and information needs and services},
  author    = {Hersberger, Julie},
  journal   = {Reference \& User Services Quarterly},
  volume    = {44},
  number    = {3},
  pages     = {199--202},
  year      = {2005},
  publisher = {JSTOR}
}

@article{hirsch2013corporate,
  title     = {Corporate reputation in the age of data nudity},
  author    = {Hirsch, Peter Buell},
  journal   = {Journal of Business Strategy},
  year      = {2013},
  publisher = {Emerald Group Publishing Limited}
}

@article{humphry2014importance,
  title     = {The importance of circumstance: Digital access and affordability for people experiencing homelessness},
  author    = {Humphry, Justine and others},
  journal   = {Journal of Telecommunications and the Digital Economy},
  volume    = {2},
  number    = {3},
  pages     = {55},
  year      = {2014},
  publisher = {Telecommunications Association}
}

@book{infoxchange_2019,
  author = {Infoxchange},
  title  = {Digital Technology in the Not-for-Profit Sector - October 2019},
  year   = {2019},
  url    = {https://www.infoxchange.org/au/digital-technology-not-for-profit-sector-2019}
}

@article{inukollu2014factors,
  title   = {Factors influencing quality of mobile apps: Role of mobile app development life cycle},
  author  = {Inukollu, Venkata N and Keshamoni, Divya D and Kang, Taeghyun and Inukollu, Manikanta},
  journal = {arXiv preprint arXiv:1410.4537},
  year    = {2014}
}

@article{jackson2010international,
  title     = {An international profile of industry-relevant competencies and skill gaps in modern graduates},
  author    = {Jackson, Denise},
  journal   = {International Journal of Management Education},
  volume    = {8},
  number    = {3},
  pages     = {29--58},
  year      = {2010},
  publisher = {Citeseer}
}

@article{jones2017beyond,
  title     = {Beyond “yesterday’s tomorrow”: future-focused mobile interaction design by and for emergent users},
  author    = {Jones, Matt and Robinson, Simon and Pearson, Jennifer and Joshi, Manjiri and Raju, Dani and Mbogo, Charity Chao and Wangari, Sharon and Joshi, Anirudha and Cutrell, Edward and Harper, Richard},
  journal   = {Personal and Ubiquitous Computing},
  volume    = {21},
  number    = {1},
  pages     = {157--171},
  year      = {2017},
  publisher = {Springer}
}

@article{kinzer2014low,
  title     = {Low Energy Smart Phone for the Homeless},
  author    = {Kinzer, Sean and Marks, Daniel},
  year      = {2014},
  publisher = {Santa Clara: Santa Clara University}
}

@article{ko2020transformation,
  title     = {The transformation from traditional nonprofit organizations to social enterprises: An institutional entrepreneurship perspective},
  author    = {Ko, Wai Wai and Liu, Gordon},
  journal   = {Journal of Business Ethics},
  pages     = {1--18},
  year      = {2020},
  publisher = {Springer}
}

@article{kobelsky2014impact,
  title     = {The impact of information technology on performance in the not-for-profit sector},
  author    = {Kobelsky, Kevin and Larosiliere, Gregory and Plummer, Elizabeth},
  journal   = {International Journal of Accounting Information Systems},
  volume    = {15},
  number    = {1},
  pages     = {47--65},
  year      = {2014},
  publisher = {Elsevier}
}

@inproceedings{kwon2013co,
  title        = {Co-designing an SMS service for London’s homeless people: Considerations for designers engaging with a vulnerable user group},
  author       = {Kwon, Ohyoon and van Boeijen, Annemiek},
  booktitle    = {ServDes. 2012 Conference Proceedings Co-Creating Services; The 3rd Service Design and Service Innovation Conference; 8-10 February; Espoo; Finland},
  number       = {067},
  pages        = {133--145},
  year         = {2013},
  organization = {Link{\"o}ping University Electronic Press}
}

@article{lai2017literature,
  title     = {The literature review of technology adoption models and theories for the novelty technology},
  author    = {Lai, PC},
  journal   = {JISTEM-Journal of Information Systems and Technology Management},
  volume    = {14},
  number    = {1},
  pages     = {21--38},
  year      = {2017},
  publisher = {SciELO Brasil}
}

@inproceedings{le2008designs,
  title     = {Designs on dignity: perceptions of technology among the homeless},
  author    = {Le Dantec, Christopher A and Edwards, W Keith},
  booktitle = {Proceedings of the SIGCHI conference on human factors in computing systems},
  pages     = {627--636},
  year      = {2008}
}

@article{le2008feature,
  title     = {FEATURE Life at the margins: assessing the role of technology for the urban homeless},
  author    = {Le Dantec, Christopher A},
  journal   = {interactions},
  volume    = {15},
  number    = {5},
  pages     = {24--27},
  year      = {2008},
  publisher = {ACM New York, NY, USA}
}

@inproceedings{le2008view,
  title     = {The view from the trenches: Organization, power, and technology at two nonprofit homeless outreach centers},
  author    = {Le Dantec, Christopher A and Edwards, W Keith},
  booktitle = {Proceedings of the 2008 ACM conference on Computer supported cooperative work},
  pages     = {589--598},
  year      = {2008}
}

@inproceedings{le2009values,
  title     = {Values as lived experience: evolving value sensitive design in support of value discovery},
  author    = {Le Dantec, Christopher A and Poole, Erika Shehan and Wyche, Susan P},
  booktitle = {Proceedings of the SIGCHI conference on human factors in computing systems},
  pages     = {1141--1150},
  year      = {2009}
}

@article{lee2020understanding,
  title     = {Understanding the diverse purposes of performance information use in nonprofits: An empirical study of factors influencing the use of performance measures},
  author    = {Lee, Chongmyoung},
  journal   = {Public Performance \& Management Review},
  volume    = {43},
  number    = {1},
  pages     = {81--108},
  year      = {2020},
  publisher = {Taylor \& Francis}
}

@inproceedings{lehane2010designing,
  title     = {Designing interactions for the collective user experience},
  author    = {Lehane, Pat},
  booktitle = {Proceedings of the 22nd Conference of the Computer-Human Interaction Special Interest Group of Australia on Computer-Human Interaction},
  pages     = {120--127},
  year      = {2010}
}

@inproceedings{linnell2014hack,
  title        = {Hack for the homeless: A humanitarian technology hackathon},
  author       = {Linnell, Natalie and Figueira, Silvia and Chintala, Neil and Falzarano, Lauren and Ciancio, Vincente},
  booktitle    = {IEEE Global Humanitarian Technology Conference (GHTC 2014)},
  pages        = {577--584},
  year         = {2014},
  organization = {IEEE}
}

@article{logue2014emergence,
  title     = {The Emergence of the ‘Social Economy’: the Australian not-for-profit sector in transition},
  author    = {Logue, Danielle and Zappal{\`a}, Gianni},
  year      = {2014},
  publisher = {University of Technology, Sydney}
}

@article{lovejoy2012information,
  title     = {Information, community, and action: How nonprofit organizations use social media},
  author    = {Lovejoy, Kristen and Saxton, Gregory D},
  journal   = {Journal of computer-mediated communication},
  volume    = {17},
  number    = {3},
  pages     = {337--353},
  year      = {2012},
  publisher = {Oxford University Press Oxford, UK}
}

@inproceedings{ma2008pricing,
  title        = {The pricing strategy analysis for the “software-as-a-service” business model},
  author       = {Ma, Dan and Seidmann, Abraham},
  booktitle    = {International workshop on grid economics and business models},
  pages        = {103--112},
  year         = {2008},
  organization = {Springer}
}

@article{mahajan2015review,
  title   = {A Review of Computerized Payroll System},
  author  = {Mahajan, Kritika and Shukla, Shilpa and Soni, Nitasha},
  journal = {University of Lingaya, Department of Computer Science},
  year    = {2015}
}

@article{markus2004technochange,
  title     = {Technochange management: using IT to drive organizational change},
  author    = {Markus, M Lynne},
  journal   = {Journal of Information technology},
  volume    = {19},
  number    = {1},
  pages     = {4--20},
  year      = {2004},
  publisher = {SAGE Publications Sage UK: London, England}
}

@article{mayo1996community,
  title     = {Community collaboration: prevention and control of tuberculosis in a homeless shelter},
  author    = {Mayo, Kelly and White, Sue and Oates, Sharon K and Franklin, Faith},
  journal   = {Public Health Nursing},
  volume    = {13},
  number    = {2},
  pages     = {120--127},
  year      = {1996},
  publisher = {Wiley Online Library}
}

@article{mcinerney2007geeks,
  title   = {Geeks for good: Technology evangelism and the role of circuit riders in IT adoption among nonprofits},
  author  = {McInerney, Paul-Brian},
  journal = {Nonprofits and technology: Emerging research for usable knowledge},
  pages   = {148--162},
  year    = {2007}
}

@article{mcnutt2018technology,
  title     = {Technology in nonprofit organizations and voluntary action},
  author    = {McNutt, John and Guo, Chao and Goldkind, Lauri and An, Seongho},
  journal   = {Voluntaristics Review},
  volume    = {3},
  number    = {1},
  pages     = {1--63},
  year      = {2018},
  publisher = {Brill}
}

@article{mcwilliams1996time,
  title     = {Time of technology adoption and learning by using},
  author    = {McWilliams, Bruce and Zilbermanfr, David},
  journal   = {Economics of Innovation and New technology},
  volume    = {4},
  number    = {2},
  pages     = {139--154},
  year      = {1996},
  publisher = {Taylor \& Francis}
}

@inproceedings{melles2012empower,
  title     = {Empower Me-Social Design Innovation for Homeless Families: Collective Design Creativity},
  author    = {Melles, G and Howard, Z},
  booktitle = {DS 73-2 Proceedings of the 2nd International conference on Design Creativity Volume 2},
  year      = {2012}
}

@inproceedings{merkel2007managing,
  title     = {Managing technology use and learning in nonprofit community organizations: methodological challenges and opportunities},
  author    = {Merkel, Cecelia and Farooq, Umer and Xiao, Lu and Ganoe, Craig and Rosson, Mary Beth and Carroll, John M},
  booktitle = {Proceedings of the 2007 symposium on Computer human interaction for the management of information technology},
  pages     = {8--es},
  year      = {2007}
}

@article{milde2017strategies,
  title   = {Strategies for social media use in nonprofits},
  author  = {Milde, Katherine and Yawson, Robert M},
  journal = {Journal of Management Policy and Practice},
  volume  = {18},
  number  = {1},
  pages   = {19--27},
  year    = {2017}
}

@article{moraru2016emerging,
  title   = {Emerging Trend: the Use of Mobile Technologies in Romanian Nonprofits},
  author  = {Moraru, Steliana},
  journal = {STRATEGIC APPROACHES IN ECONOMY, GOVERNANCE AND BUSINESS},
  pages   = {225},
  year    = {2016}
}

@article{mosley2014collaboration,
  title     = {Collaboration, public-private intermediary organizations, and the transformation of advocacy in the field of homeless services},
  author    = {Mosley, Jennifer E},
  journal   = {The American Review of Public Administration},
  volume    = {44},
  number    = {3},
  pages     = {291--308},
  year      = {2014},
  publisher = {SAGE Publications Sage CA: Los Angeles, CA}
}

@article{nah2013modeling,
  title     = {Modeling the adoption and use of social media by nonprofit organizations},
  author    = {Nah, Seungahn and Saxton, Gregory D},
  journal   = {New media \& society},
  volume    = {15},
  number    = {2},
  pages     = {294--313},
  year      = {2013},
  publisher = {Sage Publications Sage UK: London, England}
}

@article{ngai2008examining,
  title     = {Examining the critical success factors in the adoption of enterprise resource planning},
  author    = {Ngai, Eric WT and Law, Chuck CH and Wat, Francis KT},
  journal   = {Computers in industry},
  volume    = {59},
  number    = {6},
  pages     = {548--564},
  year      = {2008},
  publisher = {Elsevier}
}

@inproceedings{nguyen2012interactive,
  title     = {Interactive philanthropy: an interactive public installation to explore the use of gaming for charity},
  author    = {Nguyen, Tuduyen Annie and Kodinsky, David and Skelton, William and Kaur, Parminder and Yin, Yu and Mathew, Anijo and Basapur, Santosh},
  booktitle = {Proceedings of the Designing Interactive Systems Conference},
  pages     = {482--485},
  year      = {2012}
}

@inproceedings{nunes2017streetheart,
  title     = {StreetHeart: Empowering Homeless Through Art and Technology},
  author    = {Nunes Vilaza, Giovanna and M{\"a}h{\"o}nen, Johanna and Hamon, Cl{\'e}ment and Danilina, Oleksandra},
  booktitle = {Proceedings of the 2017 CHI Conference Extended Abstracts on Human Factors in Computing Systems},
  pages     = {93--99},
  year      = {2017}
}

@article{o2007towards,
  title  = {Towards a model of internet technology adoption for not-for-profit organisations},
  author = {O’Hanlon, Rory and Chang, Vanessa},
  year   = {2007}
}

@misc{osa2018,
  title   = {What we plan to do with \$1 million...},
  url     = {https://orangesky.org.au/what-we-plan-to-do-with-1-million/},
  journal = {Orange Sky Australia},
  author  = {Orange Sky Australia},
  year    = {2018},
  month   = {Nov}
}

@article{paschen2017choose,
  title     = {Choose wisely: Crowdfunding through the stages of the startup life cycle},
  author    = {Paschen, Jeannette},
  journal   = {Business Horizons},
  volume    = {60},
  number    = {2},
  pages     = {179--188},
  year      = {2017},
  publisher = {Elsevier}
}

@article{philipson2009antitrust,
  title     = {Antitrust in the not-for-profit sector},
  author    = {Philipson, Tomas J and Posner, Richard A},
  journal   = {The Journal of Law and Economics},
  volume    = {52},
  number    = {1},
  pages     = {1--18},
  year      = {2009},
  publisher = {The University of Chicago Press}
}

@incollection{pierce2008homeless,
  title     = {Homeless HealthShare: connecting health professionals and the homeless},
  author    = {Pierce, James J and Engelhardt, Ashley E and Yim, Jung Youn},
  booktitle = {CHI'08 Extended Abstracts on Human Factors in Computing Systems},
  pages     = {3861--3866},
  year      = {2008}
}

@article{pogavcar2016urban,
  title     = {Urban hackathon--alternative information based and participatory approach to urban development},
  author    = {Poga{\v{c}}ar, Kaja and {\v{Z}}i{\v{z}}ek, Andrej},
  journal   = {Procedia engineering},
  volume    = {161},
  pages     = {1971--1976},
  year      = {2016},
  publisher = {Elsevier}
}

@article{polishchuk2019technology,
  title     = {Technology improving safety of crowdfunding platforms functioning in the context of the protection of the start-up investors in the financial and transport sectors},
  author    = {Polishchuk, Volodymyr and Kelemen, Miroslav and Kozuba, Jaros{\l}aw},
  journal   = {Journal of Konbin},
  volume    = {49},
  number    = {1},
  pages     = {313--330},
  year      = {2019},
  publisher = {Sciendo}
}

@article{pollio2013technology,
  title     = {Technology use among emerging adult homeless in two US cities},
  author    = {Pollio, David E and Batey, D Scott and Bender, Kimberly and Ferguson, Kristin and Thompson, Sanna},
  journal   = {Social work},
  volume    = {58},
  number    = {2},
  pages     = {173--175},
  year      = {2013},
  publisher = {Oxford University Press}
}

@article{raven2018mobile,
  title     = {Mobile phone, computer, and internet use among older homeless adults: results from the HOPE HOME cohort study},
  author    = {Raven, Maria C and Kaplan, Lauren M and Rosenberg, Marina and Tieu, Lina and Guzman, David and Kushel, Margot},
  journal   = {JMIR mHealth and uHealth},
  volume    = {6},
  number    = {12},
  pages     = {e10049},
  year      = {2018},
  publisher = {JMIR Publications Inc., Toronto, Canada}
}

@article{rhoades2017no,
  title     = {No digital divide? Technology use among homeless adults},
  author    = {Rhoades, Harmony and Wenzel, Suzanne L and Rice, Eric and Winetrobe, Hailey and Henwood, Benjamin},
  journal   = {Journal of Social Distress and the Homeless},
  volume    = {26},
  number    = {1},
  pages     = {73--77},
  year      = {2017},
  publisher = {Taylor \& Francis}
}

@article{rice2011social,
  title     = {Social networking technology, social network composition, and reductions in substance use among homeless adolescents},
  author    = {Rice, Eric and Milburn, Norweeta G and Monro, William},
  journal   = {Prevention Science},
  volume    = {12},
  number    = {1},
  pages     = {80--88},
  year      = {2011},
  publisher = {Springer}
}

@article{rice2012homeless,
  title     = {Homeless but connected: The role of heterogeneous social network ties and social networking technology in the mental health outcomes of street-living adolescents},
  author    = {Rice, Eric and Kurzban, Seth and Ray, Diana},
  journal   = {Community mental health journal},
  volume    = {48},
  number    = {6},
  pages     = {692--698},
  year      = {2012},
  publisher = {Springer}
}

@inproceedings{roberson2010survival,
  author    = {Roberson, Jahmeilah and Nardi, Bonnie},
  booktitle = {Proceedings of the 2010 ACM conference on Computer supported cooperative work},
  title     = {Survival needs and social inclusion: Technology use among the homeless},
  year      = {2010},
  pages     = {445--448}
}

@article{rowe2020contact,
  title     = {Contact tracing apps and values dilemmas: A privacy paradox in a neo-liberal world},
  author    = {Rowe, Frantz},
  journal   = {International Journal of Information Management},
  pages     = {102178},
  year      = {2020},
  publisher = {Elsevier}
}

@article{sala2014benefits,
  title     = {The benefits of information communication technology use by the homeless: a narrative synthesis review},
  author    = {Sala, Adrien and Mignone, Javier},
  journal   = {Journal of Social Distress and the Homeless},
  volume    = {23},
  number    = {1},
  pages     = {51--67},
  year      = {2014},
  publisher = {Taylor \& Francis}
}

@article{schein1994management,
  title     = {Management of change: the case of information technology},
  author    = {Schein, Edgar H},
  journal   = {Information technology and the corporation of the 1990s: research studies},
  volume    = {325},
  year      = {1994},
  publisher = {Oxford University Press New York, NY and Oxford}
}

@article{schneider2003small,
  title     = {Small, minority-based nonprofits in the information age},
  author    = {Schneider, Jo Anne},
  journal   = {Nonprofit Management and Leadership},
  volume    = {13},
  number    = {4},
  pages     = {383--399},
  year      = {2003},
  publisher = {Wiley Online Library}
}

@article{scutella2012locating,
  title     = {Locating and designing'Journeys Home': A literature review},
  author    = {Scutella, Rosanna and Johnson, Guy},
  year      = {2012},
  publisher = {Melbourne Institute Working Paper}
}

@inproceedings{sleeper2019tough,
  title     = {Tough Times at Transitional Homeless Shelters: Considering the Impact of Financial Insecurity on Digital Security and Privacy},
  author    = {Sleeper, Manya and Matthews, Tara and O'Leary, Kathleen and Turner, Anna and Woelfer, Jill Palzkill and Shelton, Martin and Oplinger, Andrew and Schou, Andreas and Consolvo, Sunny},
  booktitle = {Proceedings of the 2019 CHI Conference on Human Factors in Computing Systems},
  pages     = {1--12},
  year      = {2019}
}

@article{smith_2017,
  title   = {Record shares of Americans now own smartphones, have home broadband},
  url     = {https://www.pewresearch.org/fact-tank/2017/01/12/evolution-of-technology/},
  journal = {Pew Research Center},
  author  = {Smith, Aaron},
  year    = {2017},
  month   = {Jan}
}

@article{srinivasan2007understanding,
  title     = {Understanding the human resource challenges in not-for-profit organisations from a lifecycle perspective},
  author    = {Srinivasan, Vasanthi},
  journal   = {Journal of Health Management},
  volume    = {9},
  number    = {2},
  pages     = {189--199},
  year      = {2007},
  publisher = {SAGE Publications B-42, Panchsheel Enclave, New Delhi}
}

@inproceedings{strohmayer2015exploring,
  title     = {Exploring learning ecologies among people experiencing homelessness},
  author    = {Strohmayer, Angelika and Comber, Rob and Balaam, Madeline},
  booktitle = {Proceedings of the 33rd Annual ACM Conference on Human Factors in Computing Systems},
  pages     = {2275--2284},
  year      = {2015}
}

@article{swanson1994information,
  title     = {Information systems innovation among organizations},
  author    = {Swanson, E Burton},
  journal   = {Management science},
  volume    = {40},
  number    = {9},
  pages     = {1069--1092},
  year      = {1994},
  publisher = {INFORMS}
}

@article{tang2020privacy,
  title   = {Privacy-preserving contact tracing: current solutions and open questions},
  author  = {Tang, Qiang},
  journal = {arXiv preprint arXiv:2004.06818},
  year    = {2020}
}

@article{thakuriah2017seeing,
  title   = {Seeing cities through big data},
  author  = {Thakuriah, P and Tilahun, N and Zellner, M},
  journal = {Research, Methods and Applications in Urban Informatics},
  year    = {2017}
}

@book{van2015open,
  title     = {An Open Future: Data priorities for the not-for-profit sector},
  author    = {Van Ymeren, Jamie},
  year      = {2015},
  publisher = {Mowat Centre for Policy Innovation}
}

@inproceedings{vyas2015more,
  title     = {More than just food: field visits to an emergency relief centre},
  author    = {Vyas, Dhaval and Snow, Stephen and Mallett, Miranda},
  booktitle = {Proceedings of the Annual Meeting of the Australian Special Interest Group for Computer Human Interaction},
  pages     = {662--666},
  year      = {2015}
}

@article{walker2002technology,
  title     = {Technology-enabled service delivery},
  author    = {Walker, Rhett H and Craig-Lees, Margaret and Hecker, Robert and Francis, Heather},
  journal   = {International Journal of service Industry management},
  year      = {2002},
  publisher = {MCB UP Ltd}
}

@article{wilson2019beyond,
  title     = {Beyond the classroom: The impact of a university-based civic hackathon addressing homelessness},
  author    = {Wilson, Jennifer and Bender, Kimberly and DeChants, Jonah},
  journal   = {Journal of Social Work Education},
  volume    = {55},
  number    = {4},
  pages     = {736--749},
  year      = {2019},
  publisher = {Taylor \& Francis}
}

@inproceedings{woelfer2010homeless,
  title     = {Homeless young people's experiences with information systems: life and work in a community technology center},
  author    = {Woelfer, Jill Palzkill and Hendry, David G},
  booktitle = {Proceedings of the SIGCHI Conference on Human Factors in Computing Systems},
  pages     = {1291--1300},
  year      = {2010}
}

@inproceedings{woelfer2011artifacts,
  title     = {Homeless young people and living with personal digital artifacts},
  author    = {Woelfer, Jill Palzkill and Hendry, David G},
  booktitle = {Proceedings of the SIGCHI Conference on Human Factors in Computing Systems},
  pages     = {1697--1706},
  year      = {2011}
}

@article{woelfer2011homeless,
  title     = {Homeless young people and technology: ordinary interactions, extraordinary circumstances},
  author    = {Woelfer, Jill Palzkill and Hendry, David G},
  journal   = {interactions},
  volume    = {18},
  number    = {6},
  pages     = {70--73},
  year      = {2011},
  publisher = {ACM New York, NY, USA}
}

@inproceedings{woelfer2011improving,
  title     = {Improving the safety of homeless young people with mobile phones: Values, form and function},
  author    = {Woelfer, Jill Palzkill and Iverson, Amy and Hendry, David G and Friedman, Batya and Gill, Brian T},
  booktitle = {Proceedings of the SIGCHI Conference on Human Factors in Computing Systems},
  pages     = {1707--1716},
  year      = {2011}
}

@article{woelfer2014engaging,
  title     = {Engaging homeless young people in HCI research},
  author    = {Woelfer, Jill Palzkill},
  journal   = {interactions},
  volume    = {21},
  number    = {1},
  pages     = {54--57},
  year      = {2014},
  publisher = {ACM New York, NY, USA}
}

@article{wyllie2016examination,
  title     = {An examination of not-for-profit stakeholder networks for relationship management: a small-scale analysis on social media},
  author    = {Wyllie, Jessica and Lucas, Benjamin and Carlson, Jamie and Kitchens, Brent and Kozary, Ben and Zaki, Mohamed},
  journal   = {PloS one},
  volume    = {11},
  number    = {10},
  pages     = {e0163914},
  year      = {2016},
  publisher = {Public Library of Science San Francisco, CA USA}
}

@article{xu2014different,
  title     = {How different types of users develop trust in technology: A qualitative analysis of the antecedents of active and passive user trust in a shared technology},
  author    = {Xu, Jie and Le, Kim and Deitermann, Annika and Montague, Enid},
  journal   = {Applied Ergonomics},
  volume    = {45},
  number    = {6},
  pages     = {1495--1503},
  year      = {2014},
  publisher = {Elsevier}
}

@inproceedings{yoo2013value,
  title     = {A value sensitive action-reflection model: evolving a co-design space with stakeholder and designer prompts},
  author    = {Yoo, Daisy and Huldtgren, Alina and Woelfer, Jill Palzkill and Hendry, David G and Friedman, Batya},
  booktitle = {Proceedings of the SIGCHI conference on human factors in computing systems},
  pages     = {419--428},
  year      = {2013}
}

@article{zorn2011institutional,
  title     = {Institutional and noninstitutional influences on information and communication technology adoption and use among nonprofit organizations},
  author    = {Zorn, Theodore E and Flanagin, Andrew J and Shoham, Mirit Devorah},
  journal   = {Human communication research},
  volume    = {37},
  number    = {1},
  pages     = {1--33},
  year      = {2011},
  publisher = {Oxford University Press Oxford, UK}
}